@article{giles_2015, title={Multilevel Monte Carlo methods}, volume={24}, DOI={10.1017/S096249291500001X}, journal={Acta Numerica}, publisher={Cambridge University Press}, author={Giles, Michael B.}, year={2015}, pages={259–328}}

@online{trapz,
  author = {Numpy doc},
  title = {Numpy trapz},
  year = 2022,
  url = {https://numpy.org/doc/stable/reference/generated/numpy.trapz.html#numpy.trapz},
  urldate = {Version 1.24}
}

@online{mom,
  author = {Yen-Chi Chen},
  title = {A short note on the median-of-means estimator},
  year = 2020,
  url = {https://faculty.washington.edu/yenchic/short_note/note_MoM.pdf},
  urldate = {2020}
}

@article{em,
author = {Ji, Yanting},
year = {2021},
month = {01},
pages = {},
title = {Convergence rate of Euler–Maruyama scheme for SDDEs of neutral type},
volume = {2021},
journal = {Journal of Inequalities and Applications},
doi = {10.1186/s13660-020-02533-3}
}